@incollection{Maraval1998,
	Author = {Pierre Maraval},
	Crossref = {Pietri1998},
	Pages = {107-145},
	Title = {La réception de Chalcédoine dans l'empire d'Orient}}

@collection{Pietri1998,
	Crossref = {HistoireduChristianisme},
	Editor = {Luce Pietri},
	Keywords = {généralité},
	Title = {Les Églises d'Orient et d'Occident},
	Volume = {3},
	Year = {1998}}

@mvcollection{HistoireduChristianisme,
	Address = {Paris},
	Publisher = {Desclée},
	Subtitle = {des origines à nos jours},
	Title = {Histoire du christianisme}}